<record><leader>00000cas a22000007a 4500</leader><controlfield tag="001">19595957</controlfield><controlfield tag="008">890425d18uu1920paudn ne      0    0eng d</controlfield><datafield ind1=" " ind2=" " tag="010"><subfield code="a">sn 89077557 </subfield></datafield><datafield ind1=" " ind2=" " tag="040"><subfield code="a">NPH</subfield><subfield code="b">eng</subfield><subfield code="c">NPH</subfield><subfield code="d">OCLCQ</subfield></datafield><datafield ind1=" " ind2=" " tag="042"><subfield code="a">msc</subfield></datafield><datafield ind1="0" ind2="0" tag="245"><subfield code="a">Columbia daily spy.</subfield></datafield><datafield ind1="1" ind2="3" tag="246"><subfield code="a">Daily spy</subfield></datafield><datafield ind1="1" ind2="7" tag="246"><subfield code="a">Columbia spy</subfield></datafield><datafield ind1=" " ind2=" " tag="260"><subfield code="a">Columbia, Pa. :</subfield><subfield code="b">Jos. W. Yocum,</subfield><subfield code="c">-1920.</subfield></datafield><datafield ind1=" " ind2=" " tag="300"><subfield code="a">v. :</subfield><subfield code="b">ill. ;</subfield><subfield code="c">60 cm.</subfield></datafield><datafield ind1=" " ind2=" " tag="310"><subfield code="a">Daily (except Sun.)</subfield></datafield><datafield ind1="0" ind2=" " tag="362"><subfield code="a">-Oct. 30, 1920.</subfield></datafield><datafield ind1=" " ind2=" " tag="588"><subfield code="a">Description based on: Vol. 3, no. 7 (June 21, 1893).</subfield></datafield><datafield ind1=" " ind2=" " tag="752"><subfield code="a">United States</subfield><subfield code="b">Pennsylvania</subfield><subfield code="c">Lancaster</subfield><subfield code="d">Columbia.</subfield></datafield><datafield ind1="0" ind2=" " tag="775"><subfield code="t">Columbia spy (Columbia, Pa. : 1849)</subfield><subfield code="w">(DLC)sn 83032185</subfield></datafield><datafield ind1="0" ind2=" " tag="775"><subfield code="t">Columbia weekly spy</subfield><subfield code="w">(DLC)sn 86081588</subfield></datafield><datafield ind1="0" ind2="0" tag="780"><subfield code="t">Daily Columbia spy</subfield><subfield code="w">(DLC)sn 89077556</subfield></datafield></record>